@article{example-article,
    author = {Quigley, Morgan and Conley, Ken and Gerkey, Brian and Faust, Josh and Foote, Tully and Leibs, Jeremy and Wheeler, Rob and Ng, Andrew},
    year = {2009},
    month = {01},
    title = {ROS: an open-source Robot Operating System},
    volume = {3},
    journal = {ICRA Workshop on Open Source Software}
}

@online{example-online,
    author = {Troy Straszheim and Morten Kjaergaard and Brian Gerkey and Dirk Thomas},
    title = {Conceptual overview of ROS catkin},
    url = {http://wiki.ros.org/catkin/conceptual_overview}
}

@book{example-book,
	title = {Robotics},
	author = {Bruno Siciliano and Lorenzo Sciavicco and Luigi Villani and Giuseppe Oriolo},
	publisher = {Springer London},
	year = 2009,
	doi = {10.1007/978-1-84628-642-1},
	url = {https://doi.org/10.1007%2F978-1-84628-642-1}
}

@inproceedings{exmaple-in-proceegings,
  TITLE = {{Particle position prediction based on Lagrangian coherency for flow over a cylinder in 4D-PTV}},
  AUTHOR = {Rahimi Khojasteh, Ali and Heitz, Dominique and Yang, Yin and Fiabane, Lionel},
  URL = {https://hal.inrae.fr/hal-03316123},
  BOOKTITLE = {{14th International Symposium on Particle Image Velocimetry -- ISPIV 2021}},
  ADDRESS = {Chicago, United States},
  PAGES = {9 p.},
  YEAR = {2021},
  MONTH = Aug,
  KEYWORDS = {Particle tracking techniques ; Lagrangian coherent structure ; Lagrangian particle tracking},
  PDF = {https://hal.inrae.fr/hal-03316123v2/file/rahimi-khojasteh_etal_2021a_ISPIV21.pdf},
  HAL_ID = {hal-03316123},
  HAL_VERSION = {v2},
}