

@online{gazebo-model-plugin,
  author = {Gazebo},
  title  = {Control Description},
  url    = {\url{https://classic.gazebosim.org/tutorials?tut=plugins_hello_world&cat=write_plugin}}
}

@software{melbye-staven-biotac-sim-plugin,
  author  = {Melbye Staven, Victor},
  title   = {{biotac\_sim\_plugin}},
  url     = {https://github.com/vmstavens/biotac_sim_plugin},
  version = {1.0.0}
}

@software{ruppel-philipp-biotac-gazebo-plugin,
  author  = {G{\"o}rner, Michael and Ruppel, Philipp},
  title   = {{biotac\_gazebo\_plugin}},
  url     = {https://github.com/TAMS-Group/biotac_gazebo_plugin},
  version = {1.0.0}
}

@online{base64-encoding-decoding-licensing-issue,
  author = {de Vries, Maarten},
  title  = {Switch to libb64 for base64 encoding/decoding},
  url    = {\url{https://github.com/ros/ros_comm/pull/1046}}
}

@online{ati:-6-axis-force-and-torque-sensor-nano17-series,
  author = {E-MOTION},
  title  = { ATI: 6-Axis Force and Torque Sensor (Nano17 Series) 9105-TW-NANO17-E-1.8},
  url    = {\url{https://www.e-motionsupply.com/product_p/9105-tw-nano17-e-1.8.htm}}
}

@inproceedings{apriltag:-a-robust-and-flexible-visual-fiducial-system,
  author    = {Olson, Edwin},
  booktitle = {2011 IEEE International Conference on Robotics and Automation},
  title     = {AprilTag: A robust and flexible visual fiducial system},
  year      = {2011},
  volume    = {},
  number    = {},
  pages     = {3400-3407},
  doi       = {10.1109/ICRA.2011.5979561}
}

@article{guaranteed-outlier-removal-for-point-cloud-registration-with-correspondences,
  author    = {Parra, √Ålvaro and Chin, Tat-Jun},
  year      = {2017},
  month     = {11},
  pages     = {1-1},
  title     = {Guaranteed Outlier Removal for Point Cloud Registration with Correspondences},
  volume    = {PP},
  journal   = {IEEE Transactions on Pattern Analysis and Machine Intelligence},
  doi       = {10.1109/TPAMI.2017.2773482}
}
@online{biotac-dataset,
  author  = {G{\"o}rner, Michael and Ruppel, Philipp},
  title   = {{Biotac Single Contact Response}},
  url    = {\url{https://tams.informatik.uni-hamburg.de/research/datasets/index.php#biotac_single_contact_response}}
}

@misc{stanford-bunny,
  title        = {{The Stanford 3D Scanning Repository}},
  author       = {Stanford University},
  howpublished = {\url{http://graphics.stanford.edu/data/3Dscanrep/}}
}

@misc{biotac-syntouch-manual,
  author       = {Fishel, J.A. and Lin, G. and Matulevich, B. and Loeb, G},
  title        = {BioTac Product Manual},
  date         = {May 20 2023},
  language     = {English},
  version      = {Version 21},
  organization = {SynTouch},
  pagetotal    = {43},
  pubstate     = {August 2018}
}
