% planning algorithm book
@book{planning-algorithms, 
	place     = {Cambridge}, 
	title     = {Planning Algorithms}, 
	DOI       = {10.1017/CBO9780511546877}, 
	publisher = {Cambridge University Press}, 
	author    = {LaValle, Steven M.}, 
	year      = {2006}
}


% old sample based methods
@misc{asymptotically-optimal-sampling-based-kinodynamic-planning,
	title         = {Asymptotically Optimal Sampling-based Kinodynamic Planning},
	author        = {Yanbo Li and Zakary Littlefield and Kostas E. Bekris},
	year          = {2016},
	eprint        = {1407.2896},
	archiveprefix = {arXiv},
	primaryclass  = {cs.RO}
}

% MPC-MPNet
@article{mpc-mpnet-model-predictive-motion-planning-networks-for-fast-near-optimal-planning-under-kinodynamic-constraints,
  author     = {Linjun Li and
                Yinglong Miao and
                Ahmed Hussain Qureshi and
                Michael C. Yip},
  title      = {MPC-MPNet: Model-Predictive Motion Planning Networks for Fast, Near-Optimal
                Planning under Kinodynamic Constraints},
  journal    = {CoRR},
  volume     = {abs/2101.06798},
  year       = {2021},
  url        = {https://arxiv.org/abs/2101.06798},
  eprinttype = {arXiv},
  eprint     = {2101.06798},
  timestamp  = {Wed, 31 Mar 2021 09:15:00 +0200},
  biburl     = {https://dblp.org/rec/journals/corr/abs-2101-06798.bib},
  bibsource  = {dblp computer science bibliography, https://dblp.org}
}

% pure reinforcement learning 
@misc{sampling-based-exploration-for-reinforcement-learning-of-dexterous-manipulation,
  title         = {Sampling-based Exploration for Reinforcement Learning of Dexterous Manipulation},
  author        = {Gagan Khandate and Siqi Shang and Eric T. Chang and Tristan Luca Saidi and Johnson Adams and Matei Ciocarlie},
  year          = {2023},
  eprint        = {2303.03486},
  archiveprefix = {arXiv},
  primaryclass  = {cs.RO}
}

@misc{dexmv:-imitation-learning-for-dexterous-manipulation-from-human-videos,
  title         = {DexMV: Imitation Learning for Dexterous Manipulation
                   from Human Videos},
  author        = {Qin, Yuzhe and Wu, Yueh-Hua and Liu, Shaowei and Jiang, Hanwen, 
                   and Yang, Ruihan and Fu, Yang and Wang, Xiaolong},
  year          = {2021},
  archiveprefix = {arXiv},
  primaryclass  = {cs.LG}
}